% Encoding: UTF-8
%-----general embeddings----

@Article{goyal2018graph,
  author    = {Goyal, Palash and Ferrara, Emilio},
  title     = {Graph embedding techniques, applications, and performance: A survey},
  journal   = {Knowledge-Based Systems},
  year      = {2018},
  volume    = {151},
  pages     = {78--94},
  doi       = {10.1016/j.knosys.2018.03.022},
  publisher = {Elsevier},
}

@article{bhattacharjee2019relations,
  title={What relations are reliably embeddable in Euclidean space?},
  author={Bhattacharjee, Robi and Dasgupta, Sanjoy},
  journal={arXiv preprint arXiv:1903.05347},
  year={2019}
}

%----hyperbolic embeddings----

@InProceedings{nickel2017poincare,
  author    = {Nickel, Maximillian and Kiela, Douwe},
  title     = {Poincar{\'e} embeddings for learning hierarchical representations},
  booktitle = {Advances in neural information processing systems},
  year      = {2017},
  pages     = {6338--6347},
  url       = {http://papers.nips.cc/paper/7213-poincare-embeddings-for-learning-hierarchical-representations.pdf},
}

@InProceedings{nickel2018learning,
  author    = {Nickel, Maximillian and Kiela, Douwe},
  title     = {Learning Continuous Hierarchies in the Lorentz Model of Hyperbolic Geometry},
  booktitle = {International Conference on Machine Learning},
  year      = {2018},
  pages     = {3776--3785},
  url       = {https://arxiv.org/abs/1806.03417},
}

@inproceedings{sala2018representation,
  title={Representation Tradeoffs for Hyperbolic Embeddings},
  author={Sala, Frederic and De Sa, Chris and Gu, Albert and Re, Christopher},
  booktitle={International Conference on Machine Learning},
  pages={4457--4466},
  year={2018}
}

@inproceedings{ganea2018hyperbolic,
  title={Hyperbolic Entailment Cones for Learning Hierarchical Embeddings},
  author={Ganea, Octavian-Eugen and Becigneul, Gary and Hofmann, Thomas},
  booktitle={International Conference on Machine Learning},
  pages={1632--1641},
  year={2018}
}

%---------embeddings in other spaces-----------

@Article{gu2019learning,
  author  = {Gu, Albert and Sala, Frederic and Gunel, Beliz and R{\'e}, Christopher},
  title   = {Learning Mixed-Curvature Representations in Product Spaces},
  journal = {ICLR},
  year    = {2019},
  url     = {https://openreview.net/pdf?id=HJxeWnCcF7},
}

@Article{alanis2016efficient,
  author    = {Alanis-Lobato, Gregorio and Mier, Pablo and Andrade-Navarro, Miguel A},
  title     = {Efficient embedding of complex networks to hyperbolic space via their Laplacian},
  journal   = {Scientific reports},
  year      = {2016},
  volume    = {6},
  pages     = {30108},
  doi       = {10.1038/srep30108},
  file      = {Paper:AlanisLobato2016EfficientEmbeddingComplex.pdf:PDF},
  publisher = {Nature Publishing Group},
}

@Article{blasius2018efficient,
  author    = {Bl{\"a}sius, Thomas and Friedrich, Tobias and Krohmer, Anton and Laue, S{\"o}ren},
  title     = {Efficient embedding of scale-free graphs in the hyperbolic plane},
  journal   = {IEEE/ACM Transactions on Networking},
  year      = {2018},
  volume    = {26},
  number    = {2},
  pages     = {920--933},
  doi       = {10.1109/tnet.2018.2810186},
  file      = {Paper:Blasius2018EfficientEmbeddingScalefree.pdf:PDF},
  publisher = {IEEE},
}

@Article{jost2014ollivier,
  author    = {Jost, J{\"u}rgen and Liu, Shiping},
  title     = {Ollivierâ€™s Ricci curvature, local clustering and curvature-dimension inequalities on graphs},
  journal   = {Discrete \& Computational Geometry},
  year      = {2014},
  volume    = {51},
  number    = {2},
  pages     = {300--322},
  doi       = {10.1007/s00454-013-9558-1},
  file      = {Paper:Jost2014OllivierRicciCurvature.pdf:PDF},
  publisher = {Springer},
}

@Article{kitsak2019link,
  author  = {Kitsak, Maksim and Voitalov, Ivan and Krioukov, Dmitri},
  title   = {Link prediction with hyperbolic geometry},
  journal = {arXiv:1903.08810},
  year    = {2019},
  file    = {Paper:Kitsak2019LinkPredictionHyperbolic.pdf:PDF},
  url     = {https://arxiv.org/abs/1903.08810},
}

@Article{ollivier2009ricci,
  author    = {Yann Ollivier},
  title     = {Ricci curvature of Markov chains on metric spaces},
  journal   = {Journal of Functional Analysis},
  year      = {2009},
  volume    = {256},
  number    = {3},
  pages     = {810--864},
  month     = {feb},
  doi       = {10.1016/j.jfa.2008.11.001},
  file      = {Paper:Ollivier2009RicciCurvatureMarkov.pdf:PDF},
  publisher = {Elsevier {BV}},
}

@Article{sreejith2016forman,
  author    = {Sreejith, RP and Mohanraj, Karthikeyan and Jost, J{\"u}rgen and Saucan, Emil and Samal, Areejit},
  title     = {Forman curvature for complex networks},
  journal   = {Journal of Statistical Mechanics: Theory and Experiment},
  year      = {2016},
  volume    = {2016},
  number    = {6},
  pages     = {063206},
  doi       = {10.1088/1742-5468/2016/06/063206},
  file      = {Paper:Sreejith2016FormanCurvatureComplex.pdf:PDF},
  publisher = {IOP Publishing},
}

@Comment{jabref-meta: databaseType:bibtex;}
